<?xml version="1.0" encoding="UTF-8"?>
<collection
  xmlns:xsi="http://www.w3.org/2001/XMLSchema-instance"
  xsi:schemaLocation="http://www.loc.gov/MARC21/slim http://www.loc.gov/standards/marcxml/schema/MARC21slim.xsd"
  xmlns="http://www.loc.gov/MARC21/slim">

<record>
  <leader>08425ckdaa2200949 a 4500</leader>
  <controlfield tag="001">3462545</controlfield>
  <controlfield tag="005">20100226103512.0</controlfield>
  <controlfield tag="008">890713s1924    xx ||| |||||||   1k|eng d</controlfield>
  <datafield tag="035" ind1=" " ind2=" ">
    <subfield code="a">(OCoLC)78040636</subfield>
  </datafield>
  <datafield tag="035" ind1=" " ind2=" ">
    <subfield code="a">(OCoLC)ocm78040636</subfield>
  </datafield>
  <datafield tag="035" ind1=" " ind2=" ">
    <subfield code="a">(CStRLIN)NYDA89-F786</subfield>
  </datafield>
  <datafield tag="035" ind1=" " ind2=" ">
    <subfield code="9">AAA3016AD</subfield>
  </datafield>
  <datafield tag="035" ind1=" " ind2=" ">
    <subfield code="a">(NNC)3462545</subfield>
  </datafield>
  <datafield tag="040" ind1=" " ind2=" ">
    <subfield code="a">NNC</subfield>
    <subfield code="c">NNC</subfield>
    <subfield code="e">gihc</subfield>
  </datafield>
  <datafield tag="043" ind1=" " ind2=" ">
    <subfield code="a">n-us-ca</subfield>
  </datafield>
  <datafield tag="100" ind1="1" ind2=" ">
    <subfield code="a">Greene, Henry Mather,</subfield>
    <subfield code="d">1870-1954.</subfield>
  </datafield>
  <datafield tag="240" ind1="1" ind2="0">
    <subfield code="a">Arthur Savage duplex house (Pasadena, Calif.)</subfield>
  </datafield>
  <datafield tag="245" ind1="1" ind2="0">
    <subfield code="a">Duplex residence for Mr. Arthur Savage, Pasadena, 1927 North Merengo Avenue.</subfield>
    <subfield code="h">[graphic] /</subfield>
    <subfield code="c">Henry M. Greene, Architect.</subfield>
  </datafield>
  <datafield tag="260" ind1=" " ind2=" ">
    <subfield code="c">[19]24.</subfield>
  </datafield>
  <datafield tag="300" ind1=" " ind2=" ">
    <subfield code="a">33 sheets :</subfield>
    <subfield code="b">various media ;</subfield>
    <subfield code="c">66.5 x 78.6 cm. (26 1/4 x 31 in.) or smaller.</subfield>
  </datafield>
  <datafield tag="500" ind1=" " ind2=" ">
    <subfield code="a">Scale varies.</subfield>
  </datafield>
  <datafield tag="500" ind1=" " ind2=" ">
    <subfield code="a">Bracketed title elements supplied by cataloger or taken from inventory.</subfield>
  </datafield>
  <datafield tag="500" ind1=" " ind2=" ">
    <subfield code="a">Forms part of the Greene &amp; Greene collection of architectural drawings ; job no. 456.</subfield>
  </datafield>
  <datafield tag="500" ind1=" " ind2=" ">
    <subfield code="a">Many of the blueprints are signed on thr verso -- "Arthur Savage, Edgar N. Bell".</subfield>
  </datafield>
  <datafield tag="500" ind1=" " ind2=" ">
    <subfield code="a">This set consists of 19 pencil drawings on paper, 7 blueprints on paper, 5 blueprints with pencil markings on paper, 4 pencil markings on paper, and 1 pencil and watercolor wash drawing on tracing paper.</subfield>
  </datafield>
  <datafield tag="561" ind1=" " ind2=" ">
    <subfield code="a">Gift of Jean Murray Bangs (Mrs. Harwell Hamilton Harris), 1960; formerly the collection of Charles Sumner Greene.</subfield>
  </datafield>
  <datafield tag="650" ind1=" " ind2="7">
    <subfield code="a">Houses.</subfield>
    <subfield code="2">aat</subfield>
  </datafield>
  <datafield tag="650" ind1=" " ind2="7">
    <subfield code="a">Duplex houses.</subfield>
    <subfield code="2">aat</subfield>
  </datafield>
  <datafield tag="650" ind1=" " ind2="7">
    <subfield code="a">Garages.</subfield>
    <subfield code="2">aat</subfield>
  </datafield>
  <datafield tag="655" ind1=" " ind2="7">
    <subfield code="a">Detail drawings.</subfield>
    <subfield code="2">aat</subfield>
  </datafield>
  <datafield tag="655" ind1=" " ind2="7">
    <subfield code="a">Sketches.</subfield>
    <subfield code="2">aat</subfield>
  </datafield>
  <datafield tag="655" ind1=" " ind2="7">
    <subfield code="a">Perspective drawings.</subfield>
    <subfield code="2">aat</subfield>
  </datafield>
  <datafield tag="655" ind1=" " ind2="7">
    <subfield code="a">Site plans.</subfield>
    <subfield code="2">aat</subfield>
  </datafield>
  <datafield tag="655" ind1=" " ind2="7">
    <subfield code="a">Architectural drawings</subfield>
    <subfield code="x">American.</subfield>
    <subfield code="2">aat</subfield>
  </datafield>
  <datafield tag="655" ind1=" " ind2="7">
    <subfield code="a">Orthographic drawings.</subfield>
    <subfield code="2">aat</subfield>
  </datafield>
  <datafield tag="691" ind1=" " ind2="0">
    <subfield code="a">Pasadena (Calif.)</subfield>
  </datafield>
  <datafield tag="650" ind1=" " ind2="0">
    <subfield code="a">Architecture</subfield>
    <subfield code="z">United States</subfield>
    <subfield code="v">Designs and plans.</subfield>
  </datafield>
  <datafield tag="697" ind1="2" ind2="4">
    <subfield code="a">Arthur Savage duplex house (Pasadena, Calif.)</subfield>
  </datafield>
  <datafield tag="700" ind1="1" ind2=" ">
    <subfield code="a">Savage, Arthur.</subfield>
  </datafield>
  <datafield tag="700" ind1="1" ind2=" ">
    <subfield code="a">Bell, Edgar N.</subfield>
  </datafield>
  <datafield tag="710" ind1="2" ind2=" ">
    <subfield code="a">Greene &amp; Greene.</subfield>
  </datafield>
  <datafield tag="755" ind1=" " ind2=" ">
    <subfield code="a">Pencil drawings.</subfield>
    <subfield code="2">aat</subfield>
  </datafield>
  <datafield tag="755" ind1=" " ind2=" ">
    <subfield code="a">Blueprints.</subfield>
    <subfield code="2">aat</subfield>
  </datafield>
  <datafield tag="755" ind1=" " ind2=" ">
    <subfield code="a">Watercolor wash drawings.</subfield>
    <subfield code="2">aat</subfield>
  </datafield>
  <datafield tag="799" ind1="4" ind2="3">
    <subfield code="a">The Greene &amp; Greene collection of architectural drawings.</subfield>
  </datafield>
  <datafield tag="789" ind1="0" ind2=" ">
    <subfield code="1">[1]</subfield>
    <subfield code="i">NYDA.1960.001.03463.</subfield>
    <subfield code="v">[AVERYimage].</subfield>
    <subfield code="t">[Main floor] plan (make both sides alike) ; [detail drawings] -- medicine case, kitchen sink, dining rm. buffets, arch [in] d[ining] r[oom] :</subfield>
    <subfield code="n">Sheet no. 1.</subfield>
  </datafield>
  <datafield tag="789" ind1="0" ind2=" ">
    <subfield code="1">[2]</subfield>
    <subfield code="i">NYDA.1960.001.03464.</subfield>
    <subfield code="v">[AVERYimage].</subfield>
    <subfield code="t">[Main floor] plan (make both sides alike) ; [detail drawings] -- medicine case, kitchen sink, dining rm. buffets, arch [in] d[ining] r[oom] :</subfield>
    <subfield code="n">Sheet no. 1.</subfield>
  </datafield>
  <datafield tag="789" ind1="0" ind2=" ">
    <subfield code="1">[3]</subfield>
    <subfield code="i">NYDA.1960.001.03465.</subfield>
    <subfield code="v">[AVERYimage].</subfield>
    <subfield code="t">[Main floor] plan ; [detail drawings] -- kitchen sink, dining rm. buffets, arch [in] d[ining] r[oom].</subfield>
  </datafield>
  <datafield tag="789" ind1="0" ind2=" ">
    <subfield code="1">[4]</subfield>
    <subfield code="i">NYDA.1960.001.03466.</subfield>
    <subfield code="v">[AVERYimage].</subfield>
    <subfield code="t">[Main floor] plan (make both sides alike) ; [detail drawings] -- medicine case, kitchen sink, dining rm. buffets, arch [in] d[ining] r[oom] :</subfield>
    <subfield code="n">Sheet no. 1.</subfield>
  </datafield>
  <datafield tag="789" ind1="0" ind2=" ">
    <subfield code="1">[5]</subfield>
    <subfield code="i">NYDA.1960.001.03467.</subfield>
    <subfield code="v">[AVERYimage].</subfield>
    <subfield code="t">[Main floor plan]</subfield>
  </datafield>
  <datafield tag="789" ind1="0" ind2=" ">
    <subfield code="1">[6]</subfield>
    <subfield code="i">NYDA.1960.001.03468R.</subfield>
    <subfield code="v">[AVERYimage].</subfield>
    <subfield code="t">[Main floor] plan.</subfield>
  </datafield>
  <datafield tag="789" ind1="0" ind2=" ">
    <subfield code="1">[7]</subfield>
    <subfield code="i">NYDA.1960.001.03468V.</subfield>
    <subfield code="v">[AVERYimage].</subfield>
    <subfield code="t">[Unidentified sketch]</subfield>
  </datafield>
  <datafield tag="789" ind1="0" ind2=" ">
    <subfield code="1">[8]</subfield>
    <subfield code="i">NYDA.1960.001.03469.</subfield>
    <subfield code="v">[AVERYimage].</subfield>
    <subfield code="t">[Main floor] plan ; [elevation of] end of living rm.</subfield>
  </datafield>
  <datafield tag="789" ind1="0" ind2=" ">
    <subfield code="1">[9]</subfield>
    <subfield code="i">NYDA.1960.001.03470.</subfield>
    <subfield code="v">[AVERYimage].</subfield>
    <subfield code="t">Foundation plan :</subfield>
    <subfield code="n">Sheet no. 2.</subfield>
  </datafield>
  <datafield tag="789" ind1="0" ind2=" ">
    <subfield code="1">[10]</subfield>
    <subfield code="i">NYDA.1960.001.03471.</subfield>
    <subfield code="v">[AVERYimage].</subfield>
    <subfield code="t">Foundation plan :</subfield>
    <subfield code="n">Sheet no. 2.</subfield>
  </datafield>
  <datafield tag="789" ind1="0" ind2=" ">
    <subfield code="1">[11]</subfield>
    <subfield code="i">NYDA.1960.001.03472.</subfield>
    <subfield code="v">[AVERYimage].</subfield>
    <subfield code="t">Foundation plan :</subfield>
    <subfield code="n">Sheet no. 2.</subfield>
  </datafield>
  <datafield tag="789" ind1="0" ind2=" ">
    <subfield code="1">[12]</subfield>
    <subfield code="i">NYDA.1960.001.03473.</subfield>
    <subfield code="v">[AVERYimage].</subfield>
    <subfield code="t">Front [elevation, section through front wall, elevation of side of front entrance]</subfield>
  </datafield>
  <datafield tag="789" ind1="0" ind2=" ">
    <subfield code="1">[13]</subfield>
    <subfield code="i">NYDA.1960.001.03474.</subfield>
    <subfield code="v">[AVERYimage].</subfield>
    <subfield code="t">South elevation (north elevation similar) ; section [through front wall, detail drawings of] center wall, half front (east) elevation (other half similar), half rear elevation (other half similar) ; [elevation of] living room mantel, bookcase &amp; desk ; section thro' book shelves, section thro' center line, half plan ; [section through] window frames :</subfield>
    <subfield code="n">Sheet no. 3.</subfield>
  </datafield>
  <datafield tag="789" ind1="0" ind2=" ">
    <subfield code="1">[14]</subfield>
    <subfield code="i">NYDA.1960.001.03475.</subfield>
    <subfield code="v">[AVERYimage].</subfield>
    <subfield code="t">South elevation (north elevation similar) ; section [through front wall, detail drawings of] center wall, half front (east) elevation (other half similar), half rear elevation (other half similar) ; [elevation of] living room mantel, bookcase &amp; desk ; section thro' book shelves, section thro' center line, half plan ; [section through] window frames :</subfield>
    <subfield code="n">Sheet no. 3.</subfield>
  </datafield>
  <datafield tag="789" ind1="0" ind2=" ">
    <subfield code="1">[15]</subfield>
    <subfield code="i">NYDA.1960.001.03476.</subfield>
    <subfield code="v">[AVERYimage].</subfield>
    <subfield code="t">South elevation (north elevation similar) ; section [through front wall, detail drawings of] center wall, half front (east) elevation (other half similar), half rear elevation (other half similar) ; [elevation of] living room mantel, bookcase &amp; desk ; section thro' book shelves, section thro' center line, half plan ; [section through] window frames.</subfield>
  </datafield>
  <datafield tag="789" ind1="0" ind2=" ">
    <subfield code="1">[16]</subfield>
    <subfield code="i">NYDA.1960.001.03477.</subfield>
    <subfield code="v">[AVERYimage].</subfield>
    <subfield code="t">South elevation (north elevation similar) ; section [through front wall, detail drawings of] center wall, half front (east) elevation (other half similar), half rear elevation (other half similar) ; [elevation of] living room mantel, bookcase &amp; desk ; section thro' book shelves, section thro' center line, half plan ; [section through] window frames :</subfield>
    <subfield code="n">Sheet no. 3.</subfield>
  </datafield>
  <datafield tag="789" ind1="0" ind2=" ">
    <subfield code="1">[17]</subfield>
    <subfield code="i">NYDA.1960.001.03478.</subfield>
    <subfield code="v">[AVERYimage].</subfield>
    <subfield code="t">South elevation (north elevation similar) ; half front elevation (other half similar) ; half rear elevation (other half similar) ; [elevation of] living room mantel, bookcase &amp; desk.</subfield>
  </datafield>
  <datafield tag="789" ind1="0" ind2=" ">
    <subfield code="1">[18]</subfield>
    <subfield code="i">NYDA.1960.001.03479.</subfield>
    <subfield code="v">[AVERYimage].</subfield>
    <subfield code="t">Double garage -- plan, front [elevation] :</subfield>
    <subfield code="n">Sheet no. 4.</subfield>
  </datafield>
  <datafield tag="789" ind1="0" ind2=" ">
    <subfield code="1">[19]</subfield>
    <subfield code="i">NYDA.1960.001.03480R.</subfield>
    <subfield code="v">[AVERYimage].</subfield>
    <subfield code="t">Double garage -- plan, front [elevation]</subfield>
  </datafield>
  <datafield tag="789" ind1="0" ind2=" ">
    <subfield code="1">[20]</subfield>
    <subfield code="i">NYDA.1960.001.03480V.</subfield>
    <subfield code="v">[AVERYimage].</subfield>
    <subfield code="t">[Unidentified detail sketch]</subfield>
  </datafield>
  <datafield tag="789" ind1="0" ind2=" ">
    <subfield code="1">[21]</subfield>
    <subfield code="i">NYDA.1960.001.03481.</subfield>
    <subfield code="v">[AVERYimage].</subfield>
    <subfield code="t">Double garage -- plan, front [elevation] :</subfield>
    <subfield code="n">Sheet no. 4.</subfield>
  </datafield>
  <datafield tag="789" ind1="0" ind2=" ">
    <subfield code="1">[22]</subfield>
    <subfield code="i">NYDA.1960.001.03482.</subfield>
    <subfield code="v">[AVERYimage].</subfield>
    <subfield code="t">F.S. detail [of] staff bead on window :</subfield>
    <subfield code="n">#5.</subfield>
  </datafield>
  <datafield tag="789" ind1="0" ind2=" ">
    <subfield code="1">[23]</subfield>
    <subfield code="i">NYDA.1960.001.03483.</subfield>
    <subfield code="v">[AVERYimage].</subfield>
    <subfield code="t">Cornice &amp; vent details -- [section through] west cornice [with] plan at corners ; plan [and] side [elevation of] leader head ; [section through] east cornice ; [elevation and section of] roof vents ; F.S. [details] of leader head moulds :</subfield>
    <subfield code="n">Sheet no. 6.</subfield>
  </datafield>
  <datafield tag="789" ind1="0" ind2=" ">
    <subfield code="1">[24]</subfield>
    <subfield code="i">NYDA.1960.001.03484.</subfield>
    <subfield code="v">[AVERYimage].</subfield>
    <subfield code="t">F.S. details of front door frames -- head (jambs same), mullion, sill (doors), sill (sidelights) ; [elevation of] sidelights sash :</subfield>
    <subfield code="n">Sheet no. 8.</subfield>
  </datafield>
  <datafield tag="789" ind1="0" ind2=" ">
    <subfield code="1">[25]</subfield>
    <subfield code="i">NYDA.1960.001.03485.</subfield>
    <subfield code="v">[AVERYimage].</subfield>
    <subfield code="t">Living room mantel, bookcase &amp; desk -- [elevation], plan, section thru bookcase, section thru desk ; half elevation [of] pigeon holes [in desk] ; F.S. details A-J of living room mantel :</subfield>
    <subfield code="n">Sheet no. 9.</subfield>
  </datafield>
  <datafield tag="789" ind1="0" ind2=" ">
    <subfield code="1">[26]</subfield>
    <subfield code="i">NYDA.1960.001.03486.</subfield>
    <subfield code="v">[AVERYimage].</subfield>
    <subfield code="t">Dining room buffet -- plan, elevation, section, F.S. details A-H, F.S. detail of curve on flap under kitchen sink :</subfield>
    <subfield code="n">Sheet no. 10.</subfield>
  </datafield>
  <datafield tag="789" ind1="0" ind2=" ">
    <subfield code="1">[27]</subfield>
    <subfield code="i">NYDA.1960.001.03487R.</subfield>
    <subfield code="v">[AVERYimage].</subfield>
    <subfield code="t">[Sketch of plan of kitchen],</subfield>
    <subfield code="d">2/1/24.</subfield>
  </datafield>
  <datafield tag="789" ind1="0" ind2=" ">
    <subfield code="1">[28]</subfield>
    <subfield code="i">NYDA.1960.001.03487V.</subfield>
    <subfield code="v">[AVERYimage].</subfield>
    <subfield code="t">[Unidentified sketches of plans]</subfield>
  </datafield>
  <datafield tag="789" ind1="0" ind2=" ">
    <subfield code="1">[29]</subfield>
    <subfield code="i">NYDA.1960.001.03488.</subfield>
    <subfield code="v">[AVERYimage].</subfield>
    <subfield code="t">[Section showing grades],</subfield>
    <subfield code="d">as laid out 3/25/24.</subfield>
  </datafield>
  <datafield tag="789" ind1="0" ind2=" ">
    <subfield code="1">[30]</subfield>
    <subfield code="i">NYDA.1960.001.03489.</subfield>
    <subfield code="v">[AVERYimage].</subfield>
    <subfield code="t">[Section through footing with grades shown, unidentified perspective sketch],</subfield>
    <subfield code="d">2/10/24.</subfield>
    <subfield code="o">On verso -- "scheme 2, Gould[?], 397".</subfield>
  </datafield>
  <datafield tag="789" ind1="0" ind2=" ">
    <subfield code="1">[31]</subfield>
    <subfield code="i">NYDA.1960.001.03490.</subfield>
    <subfield code="v">[AVERYimage].</subfield>
    <subfield code="t">[Elevation of triple window, full size detail of] transom bar.</subfield>
  </datafield>
  <datafield tag="789" ind1="0" ind2=" ">
    <subfield code="1">[32]</subfield>
    <subfield code="i">NYDA.1960.001.03491.</subfield>
    <subfield code="v">[AVERYimage].</subfield>
    <subfield code="t">Mullion and muntin detail, l[iving] r[oom] window :</subfield>
    <subfield code="n">Sheet 7.</subfield>
  </datafield>
  <datafield tag="789" ind1="0" ind2=" ">
    <subfield code="1">[33]</subfield>
    <subfield code="i">NYDA.1960.001.03492.</subfield>
    <subfield code="v">[AVERYimage].</subfield>
    <subfield code="t">[Front and side elevations of leaded glass window, detail of molding at bottom of window, unidentified detail]</subfield>
  </datafield>
  <datafield tag="789" ind1="0" ind2=" ">
    <subfield code="1">[34]</subfield>
    <subfield code="i">NYDA.1960.001.03493.</subfield>
    <subfield code="v">[AVERYimage].</subfield>
    <subfield code="t">[Site plan, unidentified sketches]</subfield>
  </datafield>
  <datafield tag="789" ind1="0" ind2=" ">
    <subfield code="1">[35]</subfield>
    <subfield code="i">NYDA.1960.001.03494.</subfield>
    <subfield code="v">[AVERYimage].</subfield>
    <subfield code="t">[Unidentified detail sketch]</subfield>
  </datafield>
  <datafield tag="789" ind1="0" ind2=" ">
    <subfield code="1">[36]</subfield>
    <subfield code="i">NYDA.1960.001.03495.</subfield>
    <subfield code="v">[AVERYimage].</subfield>
    <subfield code="t">[Unidentified sketches].</subfield>
    <subfield code="o">Drawing done on backing paper for a roll of drawings.</subfield>
    <subfield code="o">On verso -- "Office copy, set no. 1".</subfield>
  </datafield>
  <datafield tag="900" ind1=" " ind2=" ">
    <subfield code="a">AUTH</subfield>
  </datafield>
</record>

</collection>